@Book{xie2015,
  title = {Dynamic Documents with {R} and knitr},
  author = {Yihui Xie},
  publisher = {Chapman and Hall/CRC},
  address = {Boca Raton, Florida},
  year = {2015},
  edition = {2nd},
  note = {ISBN 978-1498716963},
  url = {http://yihui.org/knitr/},
}
@Book{Sukestiyarno2014,
  title = {Statistika Dasar},
  author = {Y Sukestiyarno},
  publisher = {Penerbit Andi},
  address = {Sleman, Yogyakarta},
  year = {2014},
  edition = {2nd},
  note = {ISBN 978-1498716963},
}
@Book{Lasfesto2008,
  title = {Analisis Statistika Deskriptif Menggunakan Matlab},
  author = {Barnabas Deddy Lasfesto},
  publisher = {Graha Ilmu},
  address = {Yogyakarta},
  year = {2008},
  edition = {1st},
  note = {ISBN 978-979-736-372-1},
}
@Book{Wahab2001,
  title = {Statistik Deskriptif},
  author = {Dodi Wahab and Andri Nur},
  publisher = {Unpublished},
  address = {Jakarta},
  year = {2001},
  edition = {1st},
}
@misc{Platter2024,
  author       = {Lindsay Plater, Michelle Dollois, Angelica Nascimento de Oliveira and Riley Oremush},
  title        = {Analyze DAta: R and RStudio},
  year         = {2024},
  url          = {https://guides.lib.uoguelph.ca/c.php?g=545993&p=5294374},
  note         = {Diakses pada tanggal 5 November 2024}
}
@Book{Spiegel2008,
  title = {Theory and Problem of Statistics},
  author = {Murray R Spiegel and Larry J Stephens},
  publisher = {Mac Graw Hill},
  address = {New York},
  year = {2008},
  edition = {4rd},
  note = {ISBN 0-07-148584-8},
}